<record><leader>00000cas a22000007a 4500</leader><controlfield tag="001">16397511</controlfield><controlfield tag="008">870806d189u1uuupauwr ne      0    0eng d</controlfield><datafield ind1=" " ind2=" " tag="010"><subfield code="a">sn 87080474 </subfield></datafield><datafield ind1=" " ind2=" " tag="040"><subfield code="a">NPH</subfield><subfield code="b">eng</subfield><subfield code="c">NPH</subfield><subfield code="d">OCL</subfield><subfield code="d">OCLCQ</subfield></datafield><datafield ind1=" " ind2=" " tag="042"><subfield code="a">msc</subfield></datafield><datafield ind1="0" ind2=" " tag="130"><subfield code="a">Echo (Emporium, Pa.)</subfield></datafield><datafield ind1="1" ind2="4" tag="245"><subfield code="a">The echo.</subfield></datafield><datafield ind1="3" ind2="0" tag="246"><subfield code="a">Mountain echo</subfield></datafield><datafield ind1=" " ind2=" " tag="260"><subfield code="a">Emporium, Cameron County, Pa. :</subfield><subfield code="b">[s.n.]</subfield></datafield><datafield ind1=" " ind2=" " tag="300"><subfield code="a">v.</subfield></datafield><datafield ind1=" " ind2=" " tag="310"><subfield code="a">Weekly</subfield></datafield><datafield ind1=" " ind2=" " tag="588"><subfield code="a">Description based on: Vol. 3, no. 37 (Oct. 21, 1893).</subfield></datafield><datafield ind1=" " ind2=" " tag="752"><subfield code="a">United States</subfield><subfield code="b">Pennsylvania</subfield><subfield code="c">Cameron</subfield><subfield code="d">Emporium.</subfield></datafield></record>